@article{facenet,
  author    = {Florian Schroff and
               Dmitry Kalenichenko and
               James Philbin},
  title     = {FaceNet: A Unified Embedding for Face Recognition and Clustering},
  journal   = {CoRR},
  volume    = {abs/1503.03832},
  year      = {2015},
  url       = {http://arxiv.org/abs/1503.03832},
  timestamp = {Thu, 09 Apr 2015 11:33:20 +0200},
  biburl    = {http://dblp.uni-trier.de/rec/bib/journals/corr/SchroffKP15},
  bibsource = {dblp computer science bibliography, http://dblp.org}
}

@article{jointusuplearning,
  author    = {Jianwei Yang and
               Devi Parikh and
               Dhruv Batra},
  title     = {Joint Unsupervised Learning of Deep Representations and Image Clusters},
  journal   = {CoRR},
  volume    = {abs/1604.03628},
  year      = {2016},
  url       = {http://arxiv.org/abs/1604.03628},
  timestamp = {Mon, 02 May 2016 18:22:52 +0200},
  biburl    = {http://dblp.uni-trier.de/rec/bib/journals/corr/YangPB16},
  bibsource = {dblp computer science bibliography, http://dblp.org}
}

@article{distknn,
 author = {Weinberger, Kilian Q. and Saul, Lawrence K.},
 title = {Distance Metric Learning for Large Margin Nearest Neighbor Classification},
 journal = {J. Mach. Learn. Res.},
 issue_date = {12/1/2009},
 volume = {10},
 month = jun,
 year = {2009},
 issn = {1532-4435},
 pages = {207--244},
 numpages = {38},
 url = {http://dl.acm.org/citation.cfm?id=1577069.1577078},
 acmid = {1577078},
 publisher = {JMLR.org},
} 

@inproceedings{hadsell2006dimensionality,
  title={Dimensionality reduction by learning an invariant mapping},
  author={Hadsell, Raia and Chopra, Sumit and LeCun, Yann},
  booktitle={Computer vision and pattern recognition, 2006 IEEE computer society conference on},
  volume={2},
  pages={1735--1742},
  year={2006},
  organization={IEEE}
}




@ARTICLE{jj2,
   author = {Andreas Junghanns and Jonathan Schaeffer},
   title = {Sokoban: Enhancing general single-agent search methods using domain knowledge},
   journal = {Artificial Intelligence},
   year = {2001},
   volume = {129},
   pages = {219-251}
   }

@article{imgsimilarity,
  author    = {Jiang Wang and
               Yang Song and
               Thomas Leung and
               Chuck Rosenberg and
               Jingbin Wang and
               James Philbin and
               Bo Chen and
               Ying Wu},
  title     = {Learning Fine-grained Image Similarity with Deep Ranking},
  journal   = {CoRR},
  volume    = {abs/1404.4661},
  year      = {2014},
  url       = {http://arxiv.org/abs/1404.4661},
  timestamp = {Thu, 01 May 2014 14:56:20 +0200},
  biburl    = {http://dblp.uni-trier.de/rec/bib/journals/corr/WangSLRWPCW14},
  bibsource = {dblp computer science bibliography, http://dblp.org}
}

@inproceedings{relativecomparisions,
 author = {Schultz, Matthew and Joachims, Thorsten},
 title = {Learning a Distance Metric from Relative Comparisons},
 booktitle = {Proceedings of the 16th International Conference on Neural Information Processing Systems},
 series = {NIPS'03},
 year = {2003},
 location = {Whistler, British Columbia, Canada},
 pages = {41--48},
 numpages = {8},
 url = {http://dl.acm.org/citation.cfm?id=2981345.2981351},
 acmid = {2981351},
 publisher = {MIT Press},
 address = {Cambridge, MA, USA},
} 

@incollection{errorprop,
 author = {Rumelhart, David E. and Hinton, Geoffrey E. and Williams, Ronald J.},
 chapter = {Learning Representations by Back-propagating Errors},
 title = {Neurocomputing: Foundations of Research},
 editor = {Anderson, James A. and Rosenfeld, Edward},
 year = {1988},
 isbn = {0-262-01097-6},
 pages = {696--699},
 numpages = {4},
 url = {http://dl.acm.org/citation.cfm?id=65669.104451},
 acmid = {104451},
 publisher = {MIT Press},
 address = {Cambridge, MA, USA},
} 


@article{deepmetriclearning,
  author    = {Hyun Oh Song and Stefanie Jegelka and Vivek Rathod and Kevin Murphy},
  title     = {Learnable Structured Clustering Framework for Deep Metric Learning},
  journal   = {CoRR},
  volume    = {abs/1612.01213},
  year      = {2016},
  url       = {http://arxiv.org/abs/1612.01213},
  timestamp = {Mon, 02 Jan 2017 11:09:15 +0100},
  biburl    = {http://dblp.uni-trier.de/rec/bib/journals/corr/SongJR016},
  bibsource = {dblp computer science bibliography, http://dblp.org}
}



@article{structuredfeatureembedding,
  author    = {Hyun Oh Song and
               Yu Xiang and
               Stefanie Jegelka and
               Silvio Savarese},
  title     = {Deep Metric Learning via Lifted Structured Feature Embedding},
  journal   = {CoRR},
  volume    = {abs/1511.06452},
  year      = {2015},
  url       = {http://arxiv.org/abs/1511.06452},
  timestamp = {Tue, 01 Dec 2015 19:22:34 +0100},
  biburl    = {http://dblp.uni-trier.de/rec/bib/journals/corr/SongXJS15},
  bibsource = {dblp computer science bibliography, http://dblp.org}
}


%% Exclusive Sparsity Norm Minimization with Random Groups via Cone Projection
%% Learning Low-Dimensional Representations of Medical Concepts

@article{medcorpora,
  author    = {Jos{\'{e}} Antonio Mi{\~{n}}arro{-}Gim{\'{e}}nez and
               Oscar Mar{\'{\i}}n{-}Alonso and
               Matthias Samwald},
  title     = {Applying deep learning techniques on medical corpora from the World
               Wide Web: a prototypical system and evaluation},
  journal   = {CoRR},
  volume    = {abs/1502.03682},
  year      = {2015},
  url       = {http://arxiv.org/abs/1502.03682},
  timestamp = {Mon, 02 Mar 2015 14:17:34 +0100},
  biburl    = {http://dblp.uni-trier.de/rec/bib/journals/corr/Minarro-Gimenez15},
  bibsource = {dblp computer science bibliography, http://dblp.org}
}


@article{tensorflow,
  title={Tensorflow: Large-scale machine learning on heterogeneous distributed systems},
  author={Abadi, Mart{\'\i}n and Agarwal, Ashish and Barham, Paul and Brevdo, Eugene and Chen, Zhifeng and Citro, Craig and Corrado, Greg S and Davis, Andy and Dean, Jeffrey and Devin, Matthieu and others},
  journal={arXiv preprint arXiv:1603.04467},
  year={2016}
}


@ARTICLE{tuh,  
AUTHOR={Obeid, Iyad and Picone, Joseph},   
TITLE={The Temple University Hospital EEG Data Corpus},      
JOURNAL={Frontiers in Neuroscience},      
VOLUME={10},      
PAGES={196},     
YEAR={2016},      
URL={http://journal.frontiersin.org/article/10.3389/fnins.2016.00196},       
DOI={10.3389/fnins.2016.00196},      
ISSN={1662-453X}   
}

@article{magnetloss,
  title={Metric learning with adaptive density discrimination},
  author={Oren Rippel and Manohar Paluri and Piotr Dollar and Lubomir Bourdev},
  journal={arXiv preprint arXiv:1511.05939},
  year={2015}
}

@article{piccone, 
title={Automatic Discovery and Processing of EEG Cohorts from Clinical Records},
author={Joseph Picone and Iyad Obeid and Sanda Maria Harabagiu},
journal={Big Data to Knowledge All Hands Grantee Meeting (p. 1), Bethesda, Maryland}, 
year={2015}
}