@inproceedings{jule,
  author    = {Yang, Jianwei and Parikh, Devi and Batra, Dhruv},
  booktitle = {{Proceedings of the IEEE Conference on Computer Vision and Pattern Recognition}},
  pages     = {5147--5156},
  title     = {{Joint unsupervised learning of deep representations and image clusters}},
  year      = {2016},
}

@article{cybersecurity,
  author       = {Buczak, Anna L and Guven, Erhan},
  journaltitle = {{IEEE Communications Surveys \& Tutorials}},
  number       = {2},
  pages        = {1153--1176},
  publisher    = {IEEE},
  title        = {{A survey of data mining and machine learning methods for cybersecurity intrusion detection}},
  volume       = {18},
  year         = {2016},
}

@inproceedings{scherer2010evaluation,
  title={Evaluation of pooling operations in convolutional architectures for object recognition},
  author={Scherer, Dominik and M{\"u}ller, Andreas and Behnke, Sven},
  booktitle={International conference on artificial neural networks},
  pages={92--101},
  year={2010},
  organization={Springer}
}



@article{sun2014deeply,
  author       = {Sun, Yi and Wang, Xiaogang and Tang, Xiaoou},
  journaltitle = {{arXiv preprint arXiv:1412.1265}},
  title        = {{Deeply learned face representations are sparse, selective, and robust}},
  year         = {2014},
}

@inproceedings{inception,
  title={Going deeper with convolutions},
  author={Szegedy, Christian and Liu, Wei and Jia, Yangqing and Sermanet, Pierre and Reed, Scott and Anguelov, Dragomir and Erhan, Dumitru and Vanhoucke, Vincent and Rabinovich, Andrew and others},
  year={2015},
  organization={Cvpr}
}

@inproceedings{prelu,
  title={Delving deep into rectifiers: Surpassing human-level performance on imagenet classification},
  author={He, Kaiming and Zhang, Xiangyu and Ren, Shaoqing and Sun, Jian},
  booktitle={Proceedings of the IEEE international conference on computer vision},
  pages={1026--1034},
  year={2015}
}

@article{scikit-learn,
  author       = {Pedregosa, F. and Varoquaux, G. and Gramfort, A. and Michel, V. and Thirion, B. and Grisel, O. and Blondel, M. and Prettenhofer, P. and Weiss, R. and Dubourg, V. and Vanderplas, J. and Passos, A. and Cournapeau, D. and Brucher, M. and Perrot, M. and Duchesnay, E.},
  journaltitle = {{Journal of Machine Learning Research}},
  pages        = {2825--2830},
  title        = {Scikit-learn: Machine Learning in {{P}ython}},
  volume       = {12},
  year         = {2011},
}

@inproceedings{harati2015improved,
  author       = {Harati, Amir and Golmohammadi, Meysam and Lopez, Silvia and Obeid, Iyad and Picone, Joseph},
  booktitle    = {{Signal Processing in Medicine and Biology Symposium (SPMB), 2015 IEEE}},
  organization = {IEEE},
  pages        = {1--4},
  title        = {{Improved EEG event classification using differential energy}},
  year         = {2015},
}

@article{driverless_cars,
  author       = {Bojarski, Mariusz and Del Testa, Davide and Dworakowski, Daniel and Firner, Bernhard and Flepp, Beat and Goyal, Prasoon and Jackel, Lawrence D and Monfort, Mathew and Muller, Urs and Zhang, Jiakai and others},
  journaltitle = {{arXiv preprint arXiv:1604.07316}},
  title        = {{End to end learning for self-driving cars}},
  year         = {2016},
}

@misc{eeg_info3, title={13.1 INTRODUCTION}, url={http://www.bem.fi/book/13/13.htm}, journal={13. Electroencephalography}}

@misc{eegs_info,
  author       = {Marghescu, Domnica},
  journaltitle = {{Introduction to EEGs}},
  month        = {Aug},
  publisher    = {The McGill Physiology Virtual Laboratory},
  title        = {{Introduction to EEGs}},
  url          = {medicine.mcgill.ca/physio/vlab/biomed_signals/eeg_n.htm},
  year         = {2013},
}

@misc{mayo_eegs,
  author       = {Pruthi, Sandhya and Clarke, Michelle and Swanson, Jerry W.},
  journaltitle = {{Mayo Clinic}},
  month        = {May},
  publisher    = {Mayo Foundation for Medical Education and Research},
  title        = {{EEG (electroencephalogram)}},
  url          = {mayoclinic.org/tests-procedures/eeg/about/pac-20393875},
  year         = {2014},
}

@misc{eeg_info2, title={Normal EEG Waveforms}, url={https://emedicine.medscape.com/article/1139332-overview}, journal={Overview, Frequency, Morphology}, year={2017}, month={Oct}}

@misc{wiki:tentwenty,
  author = {Wikimedia-Commons},
  note   = {[Online; accessed 2-February-2018]},
  title  = {File:21 electrodes of International $10$-$20$ system for EEG.svg --- Wikimedia Commons{{,} the free media repository}},
  url    = {commons.wikimedia.org/w/index.php?title=File:21_electrodes_of_International_$10$-$20$_system_for_EEG.svg},
  year   = {2015},
}

@misc{travers_2009, title={They Only Get Cuter}, url={https://www.flickr.com/photos/evantravers/3817862182/}, journal={Flickr}, publisher={Yahoo!}, author={Travers, Evan}, year={2009}, month={Aug}}

@inproceedings{dahl2013improving,
  title={Improving deep neural networks for LVCSR using rectified linear units and dropout},
  author={Dahl, George E and Sainath, Tara N and Hinton, Geoffrey E},
  booktitle={Acoustics, Speech and Signal Processing (ICASSP), 2013 IEEE International Conference on},
  pages={8609--8613},
  year={2013},
  organization={IEEE}
}



@misc{wiki:neuronpic,
  author = {Wikimedia-Commons},
  note   = {[Online; accessed 2-February-2018]},
  title  = {File:Neuron.svg --- Wikimedia Commons{{,} the free media repository}},
  url    = {commons.wikimedia.org/w/index.php?title=File:Neuron.svg},
  year   = {2017},
}

@article{dropout,
  author       = {Srivastava, Nitish and Hinton, Geoffrey and Krizhevsky, Alex and Sutskever, Ilya and Salakhutdinov, Ruslan},
  journaltitle = {{The Journal of Machine Learning Research}},
  number       = {1},
  pages        = {1929--1958},
  publisher    = {JMLR. org},
  title        = {{Dropout: A simple way to prevent neural networks from overfitting}},
  url          = {http://www.jmlr.org/papers/volume15/srivastava14a/srivastava14a.pdf},
  volume       = {15},
  year         = {2014},
}

@article{3d_conf_for_alzheimers,
  author       = {Hosseini-Asl, Ehsan and Gimel'farb, Georgy and El-Baz, Ayman},
  journaltitle = {{arXiv preprint arXiv:1607.00556}},
  title        = {{Alzheimer's Disease Diagnostics by a Deeply Supervised Adaptable 3D Convolutional Network}},
  year         = {2016},
}

@article{atari_deep_reinforcement_learning,
  author       = {Mnih, Volodymyr and Kavukcuoglu, Koray and Silver, David and Graves, Alex and Antonoglou, Ioannis and Wierstra, Daan and Riedmiller, Martin},
  journaltitle = {{arXiv preprint arXiv:1312.5602}},
  title        = {{Playing atari with deep reinforcement learning}},
  year         = {2013},
}

@article{acoustic_modeling_speech,
  author       = {Hinton, Geoffrey and Deng, Li and Yu, Dong and Dahl, George E and Mohamed, Abdel-rahman and Jaitly, Navdeep and Senior, Andrew and Vanhoucke, Vincent and Nguyen, Patrick and Sainath, Tara N and others},
  journaltitle = {{IEEE Signal Processing Magazine}},
  number       = {6},
  pages        = {82--97},
  publisher    = {IEEE},
  title        = {{Deep neural networks for acoustic modeling in speech recognition: The shared views of four research groups}},
  volume       = {29},
  year         = {2012},
}

@inproceedings{imagenet_cnn,
  author    = {Krizhevsky, Alex and Sutskever, Ilya and Hinton, Geoffrey E},
  booktitle = {{Advances in neural information processing systems}},
  pages     = {1097--1105},
  title     = {{Imagenet classification with deep convolutional neural networks}},
  year      = {2012},
}

@article{neural_translation,
  author       = {Wu, Yonghui and Schuster, Mike and Chen, Zhifeng and Le, Quoc V and Norouzi, Mohammad and Macherey, Wolfgang and Krikun, Maxim and Cao, Yuan and Gao, Qin and Macherey, Klaus and others},
  journaltitle = {{arXiv preprint arXiv:1609.08144}},
  title        = {{Google's neural machine translation system: Bridging the gap between human and machine translation}},
  year         = {2016},
}

@article{decreasing_learning_rate,
  author       = {Xu, Wei},
  journaltitle = {{arXiv preprint arXiv:1107.2490}},
  title        = {{Towards optimal one pass large scale learning with averaged stochastic gradient descent}},
  year         = {2011},
}

@incollection{gd_explanation,
  author    = {Bottou, LÃ©on},
  booktitle = {{Proceedings of COMPSTAT'2010}},
  pages     = {177--186},
  publisher = {Springer},
  title     = {{Large-scale machine learning with stochastic gradient descent}},
  year      = {2010},
}

@article{receptive_field,
  author       = {Hubel, DAVID H and Wiesel, TORSTEN N},
  journaltitle = {{J. neurophysiol}},
  number       = {2},
  pages        = {229},
  title        = {{Receptive field and functional architecture in two non-striate visual areas (18 and 19) of the cat}},
  volume       = {28},
  year         = {1965},
}

@article{kingma2014adam,
  author       = {Kingma, Diederik and Ba, Jimmy},
  journaltitle = {{arXiv preprint arXiv:1412.6980}},
  title        = {{Adam: A method for stochastic optimization}},
  year         = {2014},
}

@article{lifted_structure_embedding,
  author       = {Song, Hyun Oh and Xiang, Yu and Jegelka, Stefanie and Savarese, Silvio},
  booktitle    = {{Computer Vision and Pattern Recognition (CVPR), 2016 IEEE Conference on}},
  organization = {IEEE},
  pages        = {4004--4012},
  title        = {{Deep metric learning via lifted structured feature embedding}},
  year         = {2016},
}

@book{ai_text_book,
  author    = {Russell, Stuart J. and Norvig, Peter},
  place     = {Upper Saddle River, NJ},
  publisher = {Prentice Hall},
  title     = {{Artificial intelligence}},
  year      = {2009},
}

@article{lecun1998mnist,
  author = {LeCun, Yann},
  title  = {{The MNIST database of handwritten digits}},
  url    = {yann.lecun.com/exdb/mnist/},
  year   = {1998},
}

@misc{conort_2013,
  author       = {Conort, Xavier},
  journaltitle = {{The Official Blog of Kaggle.com}},
  month        = {April},
  publisher    = {Kaggle},
  title        = {{{Q\&A with Xavier Conort}}},
  url          = {blog.kaggle.com/2013/04/10/qa-with-xavier-conort/},
  year         = {2013},
}

@book{stat_learning,
  author    = {Hastie, Trevor and Tibshirani, Robert and Friedman, Jerome H.},
  place     = {New York, NY},
  publisher = {Springer},
  title     = {{{The Elements of Statistical Learning: Data Mining, Inference, and Prediction}}},
  year      = {2017},
}

@book{bishop_2013,
  author    = {Bishop, Christopher M.},
  place     = {New York},
  publisher = {Springer},
  title     = {{Pattern recognition and machine learning}},
  year      = {2013},
}

@misc{ng_presentation,
  author       = {Ng, Andrew},
  journaltitle = {{Stanford Forums}},
  title        = {{Machine Learning and AI via Brain simulations}},
  url          = {forum.stanford.edu/events/2011/2011slides/plenary/2011plenaryNg.pdf},
}

@article{yang2017frequency,
  author       = {Yang, Yuning and Mason, Andrew J},
  journaltitle = {{IEEE Transactions on Neural Systems and Rehabilitation Engineering}},
  number       = {6},
  pages        = {530--538},
  publisher    = {IEEE},
  title        = {{Frequency band separability feature extraction method with weighted haar wavelet implementation for implantable spike sorting}},
  volume       = {25},
  year         = {2017},
}

@article{autodiff,
  author    = {Rall, Louis B},
  publisher = {Springer},
  title     = {{Automatic differentiation: Techniques and applications}},
  year      = {1981},
}

@article{tfslim,
  author    = {Silberman, Nathan},
  publisher = {Georgia Institute of Technology},
  title     = {{TF-Slim: A Lightweight Library for Defining, Training and Evaluating Complex Models in TensorFlow}},
  year      = {2017},
}


@article{ray2010new,
  title={A new approach for clustering of X-ray images},
  author={Ray, A and Sasmal, Krishnendu},
  year={2010},
  publisher={Citeseer}
}




@inproceedings{mlprepresentation,
  author       = {Choi, Edward and Bahadori, Mohammad Taha and Searles, Elizabeth and Coffey, Catherine and Thompson, Michael and Bost, James and Tejedor-Sojo, Javier and Sun, Jimeng},
  booktitle    = {{Proceedings of the 22nd ACM SIGKDD International Conference on Knowledge Discovery and Data Mining}},
  organization = {ACM},
  pages        = {1495--1504},
  title        = {{Multi-layer representation learning for medical concepts}},
  year         = {2016},
}

@article{choi2016learning,
  title={Learning low-dimensional representations of medical concepts},
  author={Choi, Youngduck and Chiu, Chill Yi-I and Sontag, David},
  journal={AMIA Summits on Translational Science Proceedings},
  volume={2016},
  pages={41},
  year={2016},
  publisher={American Medical Informatics Association}
}



@article{tensorflow,
  author       = {Abadi, MartÄ±Ìn and Agarwal, Ashish and Barham, Paul and Brevdo, Eugene and Chen, Zhifeng and Citro, Craig and Corrado, Greg S and Davis, Andy and Dean, Jeffrey and Devin, Matthieu and others},
  journaltitle = {{arXiv preprint arXiv:1603.04467}},
  title        = {{Tensorflow: Large-scale machine learning on heterogeneous distributed systems}},
  year         = {2016},
}

@article{tuh,
  author       = {Obeid, Iyad and Picone, Joseph},
  journaltitle = {{Frontiers in neuroscience}},
  publisher    = {Frontiers Media SA},
  title        = {{The Temple University Hospital EEG Data Corpus}},
  volume       = {10},
  year         = {2016},
}

@misc{tuhwebsite, title={The TUH EEG Corpus}, url={https://www.isip.piconepress.com/projects/tuh_eeg/html/downloads.shtml}, journal={The TUH EEG Corpus}, publisher={The Institute for Signal and Information Processing}, author={Picone, Joseph}}

@inproceedings{facenet,
  author    = {Schroff, Florian and Kalenichenko, Dmitry and Philbin, James},
  booktitle = {{Proceedings of the IEEE Conference on Computer Vision and Pattern Recognition}},
  pages     = {815--823},
  title     = {{Facenet: A unified embedding for face recognition and clustering}},
  year      = {2015},
}

@article{magnetloss,
  author       = {Rippel, Oren and Paluri, Manohar and Dollar, Piotr and Bourdev, Lubomir},
  journaltitle = {{arXiv preprint arXiv:1511.05939}},
  title        = {{Metric learning with adaptive density discrimination}},
  year         = {2015},
}

@article{piccone,
  author       = {Picone, Joseph and Obeid, Iyad and Harabagiu, Sanda Maria},
  journaltitle = {{Big Data to Knowledge All Hands Grantee Meeting (p. 1), Bethesda, Maryland}},
  title        = {{Automatic Discovery and Processing of EEG Cohorts from Clinical Records}},
  year         = {2015},
}

@article{huang2015exclusive,
  author       = {Huang, Yijun and Liu, Ji},
  journaltitle = {{arXiv preprint arXiv:1510.07925}},
  title        = {{Exclusive sparsity norm minimization with random groups via cone projection}},
  year         = {2015},
}

@inproceedings{imgsimilarity,
  author    = {Wang, Jiang and Song, Yang and Leung, Thomas and Rosenberg, Chuck and Wang, Jingbin and Philbin, James and Chen, Bo and Wu, Ying},
  booktitle = {{Proceedings of the IEEE Conference on Computer Vision and Pattern Recognition}},
  pages     = {1386--1393},
  title     = {{Learning fine-grained image similarity with deep ranking}},
  year      = {2014},
}

@inproceedings{wang2014unsupervised,
  author       = {Wang, Xiang and Sontag, David and Wang, Fei},
  booktitle    = {{Proceedings of the 20th ACM SIGKDD international conference on Knowledge discovery and data mining}},
  organization = {ACM},
  pages        = {85--94},
  title        = {{Unsupervised learning of disease progression models}},
  year         = {2014},
}

@article{distknn,
  author       = {Weinberger, Kilian Q and Saul, Lawrence K},
  journaltitle = {{Journal of Machine Learning Research}},
  number       = {Feb},
  pages        = {207--244},
  title        = {{Distance metric learning for large margin nearest neighbor classification}},
  volume       = {10},
  year         = {2009},
}

@article{kung2008feature,
  author       = {Kung, Sun-Yuan and Mak, Man-Wai},
  journaltitle = {{IEEE Journal of Selected Topics in Signal Processing}},
  number       = {3},
  pages        = {297--309},
  publisher    = {IEEE},
  title        = {{Feature selection for self-supervised classification with applications to microarray and sequence data}},
  volume       = {2},
  year         = {2008},
}

@inproceedings{relativecomparisions,
  author    = {Schultz, Matthew and Joachims, Thorsten},
  booktitle = {{Advances in neural information processing systems}},
  pages     = {41--48},
  title     = {{Learning a distance metric from relative comparisons}},
  year      = {2004},
}

@article{jj2,
  author       = {Junghanns, Andreas and Schaeffer, Jonathan},
  journaltitle = {{Artificial Intelligence}},
  number       = {1-2},
  pages        = {219--251},
  publisher    = {Elsevier},
  title        = {{Sokoban: Enhancing general single-agent search methods using domain knowledge}},
  volume       = {129},
  year         = {2001},
}

@article{errorprop,
  author       = {Rumelhart, David E and Hinton, Geoffrey E and Williams, Ronald J},
  journaltitle = {{nature}},
  number       = {6088},
  pages        = {533},
  publisher    = {Nature Publishing Group},
  title        = {{Learning representations by back-propagating errors}},
  volume       = {323},
  year         = {1986},
}

@article{frey2007clustering,
  title={Clustering by passing messages between data points},
  author={Frey, Brendan J and Dueck, Delbert},
  journal={science},
  volume={315},
  number={5814},
  pages={972--976},
  year={2007},
  publisher={American Association for the Advancement of Science}
}

@article{comaniciu2002mean,
  title={Mean shift: A robust approach toward feature space analysis},
  author={Comaniciu, Dorin and Meer, Peter},
  journal={IEEE Transactions on pattern analysis and machine intelligence},
  volume={24},
  number={5},
  pages={603--619},
  year={2002},
  publisher={IEEE}
}





@article{sklearn,
 title={Scikit-learn: Machine Learning in {P}ython},
 author={Pedregosa, F. and Varoquaux, G. and Gramfort, A. and Michel, V.
         and Thirion, B. and Grisel, O. and Blondel, M. and Prettenhofer, P.
         and Weiss, R. and Dubourg, V. and Vanderplas, J. and Passos, A. and
         Cournapeau, D. and Brucher, M. and Perrot, M. and Duchesnay, E.},
 journal={Journal of Machine Learning Research},
 volume={12},
 pages={2825--2830},
 year={2011}
}

@article{mne,
  title={MEG and EEG data analysis with MNE-Python},
  author={Gramfort, Alexandre and Luessi, Martin and Larson, Eric and Engemann, Denis A and Strohmeier, Daniel and Brodbeck, Christian and Goj, Roman and Jas, Mainak and Brooks, Teon and Parkkonen, Lauri and others},
  journal={Frontiers in neuroscience},
  volume={7},
  pages={267},
  year={2013},
  publisher={Frontiers}
}

@article{goeg2015clustering,
  title={Clustering clinical models from local electronic health records based on semantic similarity},
  author={G{\o}eg, Kirstine Rosenbeck and Cornet, Ronald and Andersen, Stig Kj{\ae}r},
  journal={Journal of biomedical informatics},
  volume={54},
  pages={294--304},
  year={2015},
  publisher={Elsevier}
}


@inproceedings{macqueen1967some,
  title={Some methods for classification and analysis of multivariate observations},
  author={MacQueen, James and others},
  booktitle={Proceedings of the fifth Berkeley symposium on mathematical statistics and probability},
  volume={1},
  number={14},
  pages={281--297},
  year={1967},
  organization={Oakland, CA, USA}
}
@article{sgd1,
  title={A stochastic approximation method},
  author={Robbins, Herbert and Monro, Sutton},
  journal={The annals of mathematical statistics},
  pages={400--407},
  year={1951},
  publisher={JSTOR}
}

@article{sgd2,
  title={Stochastic estimation of the maximum of a regression function},
  author={Kiefer, Jack and Wolfowitz, Jacob},
  journal={The Annals of Mathematical Statistics},
  pages={462--466},
  year={1952},
  publisher={JSTOR}
}




